@article{McLean_1988,
  doi = {10.1017/s0950268800065614},
  url = {http://dx.doi.org/10.1017/s0950268800065614},
  year = {1988},
  month = {feb},
  publisher = {Cambridge University Press ({CUP})},
  volume = {100},
  number = {01},
  pages = {111},
  author = {A. R. McLean and R. M. Anderson},
  title = {{Measles in developing countries Part I. Epidemiological parameters and patterns}},
  journal = {Epidemiol. Infect.},
}


@article{Ferrari_2008,
  doi = {10.1038/nature06509},
  url = {http://dx.doi.org/10.1038/nature06509},
  year = {2008},
  month = {feb},
  publisher = {Nature Publishing Group},
  volume = {451},
  number = {7179},
  pages = {679--684},
  author = {Matthew J. Ferrari and Rebecca F. Grais and Nita Bharti and Andrew J. K. Conlan and Ottar N. Bj{\o}rnstad and Lara J. Wolfson and Philippe J. Guerin and Ali Djibo and Bryan T. Grenfell},
  title = {{The dynamics of measles in sub-Saharan Africa}},
  journal = {Nature},
}


@article{Anderson_1992,
  doi = {10.1038/scientificamerican0592-58},
  url = {http://dx.doi.org/10.1038/scientificamerican0592-58},
  year = {1992},
  month = {may},
  publisher = {Nature Publishing Group},
  volume = {266},
  number = {5},
  pages = {58--66},
  author = {Roy M. Anderson and Robert M. May},
  title = {{Understanding the {AIDS} Pandemic}},
  journal = {Sci Am},
}
